@misc{ptolo1,
  author = {Jane Green},
  howpublished = {https://www.skyatnightmagazine.com/space-science/ptolemy},
  title = {The story of Ptolemy, the ancient astronomer who shaped our view of the cosmos for centuries},
  year = {2024}
}
@misc{ptolopic,
  howpublished = {https://commons.wikimedia.org/wiki/File:Epicycle_and_deferent.svg},
  title = {Epicycle and deferent.svg},
  year = {2025}
}
@misc{sphere,
  howpublished = {https://www.hsm.ox.ac.uk/armillary-sphere},
  title = {Armillary sphere},
  year = {Chris Parkin}
}
@misc{quadrant,
  howpublished = {https://www.hsm.ox.ac.uk/armillary-sphere},
  title = {Armillary sphere},
  year = {Chris Parkin}
}
@book{sext,
  author = {The Editors of Encyclopaedia Britannica},
  howpublished={https://www.britannica.com/technology/sextant-instrument.},
  publisher = {Britannica},
  title = {Encyclopedia Britannica},
  year = {12 Mar. 2025}
}