@misc{stellerclass,
  title = {Stellar Classification Chart},
  author = {Wikimedia Commons},
  year = {2025},
  howpublished = {\url{https://upload.wikimedia.org/wikipedia/commons/thumb/3/37/Stellar_Classification_Chart.png/500px-Stellar_Classification_Chart.png}},
  note = {Accessed: 2025-03-23}
}
@misc{sinbad,
  title = {SIMBAD Astronomical Database},
  author = {Centre de Données astronomiques de Strasbourg},
  year = {2025},
  howpublished = {\url{http://simbad.u-strasbg.fr/simbad/}},
  note = {Accessed: 2025-03-23}
}
@misc{vizieR,
  title = {VizieR Online Data Catalog},
  author = {Centre de Données astronomiques de Strasbourg},
  year = {2025},
  howpublished = {\url{http://vizier.u-strasbg.fr/viz-bin/VizieR}},
  note = {Accessed: 2025-03-23}
}
@article{schwartz,
author = {Schwartz, Eyal and Lipson, S.G. and Ribak, E.},
year = {2016},
month = {04},
pages = {},
title = {Improving identification of weak spectral lines in the presence of a strong continuum},
volume = {361},
journal = {Astrophysics and Space Science},
doi = {10.1007/s10509-016-2752-x}
}
@misc{hertz,
  author = {Swinburne University of Technology},
  howpublished = {https://astronomy.swin.edu.au/cosmos/h/hertzsprung-russell+diagram},
  title = {hertzsprung russell diagram},
  year = {2025}
}
