@misc{solarsysImg,
  author = {S. Andrews (Harvard-Smithsonian CfA); B. Saxton (NRAO/AUI/NSF); ALMA (ESO/NAOJ/NRAO)},
  howpublished = {https://pweb.cfa.harvard.edu/news/4277/imagelist},
  title = {A Planet Is Forming in an Earth-like Orbit around a Young Star},
  year = {2016}
}
@misc{solarOrigins,
  author = {Jatan Mehta},
  howpublished = {https://www.planetary.org/articles/solar-system-history-101},
  title = {Solar System History 101},
  year = {2021}
}
@article{moonformation,
  author = {Robin M. Canup, Erik Asphaug},
  journal = {Nature},
  number = {412},
  title = {Origin of the Moon in a giant impact near the end of the Earth's formation},
  year = {2001}
}
@misc{moonformation2,
  author = {NASA},
  howpublished = {https://science.nasa.gov/moon/facts/},
  title = {Moon Facts},
  year = {2025}
}
@misc{kepler,
  author = {R Nave},
  howpublished = {http://hyperphysics.phy-astr.gsu.edu/hbase/kepler.html},
  title = {Kepler's Laws},
  year = {2025}
}
@misc{moonphase,
  author = {NASA},
  howpublished = {https://science.nasa.gov/moon/moon-phases/},
  title = {Moon Phases},
  year = {2025}
}
@conference{meso1,
  author = {Humanities Institute, Paris},
  booktitle = {Time expressed in Near Eastern cuneiform: chronology, measurement and calendars},
  title = {The New Year and calendar in Ancient Mesopotamia},
  year = {2017}
}
@article{ancientobs,
  author = {Susan Bell},
  journal = {USC Dornsife Magazine},
  title = {Children of the Cosmos: What the Ancients Knew},
  howpublished = {https://dornsife.usc.edu/news/stories/children-of-the-cosmos/#:~:text=Although%20their%20vision%20of%20the,the%20moon%2C%20Mercury%20and%20Venus},
  year = {2017}
}
@article{regolith,
  author = {Sarah Noble},
  journal = {NASA},
  title = {The Lunar Regolith},
  howpublished = {https://www.nasa.gov/wp-content/uploads/2019/04/05_1_snoble_thelunarregolith.pdf},
  year = {2019}
}
@misc{sunspot,
  author = {Center for Science Education},
  howpublished = {https://scied.ucar.edu/learning-zone/sun-space-weather/sunspots#:~:text=Sunspots%20are%20dark%2C%20planet%2Dsized,coronal%20mass%20ejections%20(CMEs)},
  title = {Sunspots},
  year = {2025}
}
@misc{darkmoon,
  author = {Scott Davis},
  howpublished = {https://www.spacecentre.co.uk/news/space-now-blog/the-dark-side-of-the-moon/},
  title = {The Dark Side of the Moon},
  year = {2019}
}
@book{orbitalmechanics,
  author = {Peter Dourmashkin},
  publisher = {MIT OpenCourseWare},
  title = {Universal Law of Gravitation and the Circular Orbit of the Moon},
  year = {2025}
}
@misc{inertia,
  author = {Eric W. Weisstein},
  howpublished = {https://scienceworld.wolfram.com/physics/MomentofInertiaSphere.html},
  title = {Moment of Inertia--Sphere},
  year = {2007}
}
@misc{moonlock,
  author = {Ernie Wright},
  howpublished = {https://svs.gsfc.nasa.gov/4709},
  title = {The Moon's Rotation},
  year = {2017}
}
@misc{moonfact,
  author={NASA},
  howpublished={https://nssdc.gsfc.nasa.gov/planetary/factsheet/moonfact.html},
  title={Moon Fact Sheet},
  year={2024}
}
@misc{specOrbitAng,
author={Prince Georges Community College},
howpublished={https://phys.libretexts.org/Courses/Prince_Georges_Community_College/General_Physics_I%3A_Classical_Mechanics/58%3A_Astrodynamics/58.03%3A_Elliptical_Orbits#:~:text=Angular%20Momentum&text=L%3Dmrvcos,and%20the%20spacecraft%20velocity%20vector.&text=Lp%3Dmvpa(1%E2%88%92e).},
year={2025},
title={Elliptical Orbits}}
@misc{LLR,
author={NASA},
howpublished={https://www.earthdata.nasa.gov/data/space-geodesy-techniques/slr/lunar-laser-ranging-data},
year={2025},
title={SLR Data Holdings: Lunar Laser Ranging Data}
}
@article{Moonfield,
author={Hao Luo},
title={Evolution of the Lunar Magnetic Field},
year={2024},
journal={Space: Science \& Technology}
}
@misc{apolloretro,
author={UC San Diego},
year={2025},
howpublished={https://tmurphy.physics.ucsd.edu/apollo/lrrr.html}}
@misc{metrics,
author={Harvard},
howpublished={https://lweb.cfa.harvard.edu/~dfabricant/huchra/ay145/mags.html},
year={2025}}